@article{dinkelaker2021,
  author = {Dinkelaker, J.},
  title = {Zur Bedeutung leiblicher Ko-Präsenz in Bildungsveranstaltungen. Warum digitale Lehre die Interaktion unter Anwesenden nur eingeschränkt simulieren kann},
  journal = {Hessische Blätter für Volksbildung},
  number = {2},
  pages = {30--40},
  year = {2021},
  doi = {10.3278/HBV2102W004}
}

@incollection{eberhardt2010,
  author = {Eberhardt, U.},
  title = {Ringvorlesungen als Diskussionsforum und Instrument hochschuldidaktischer Weiterbildung},
  booktitle = {Neue Impulse in der Hochschuldidaktik},
  editor = {Eberhardt, Ursula},
  year = {2010},
  pages = {273--277},
  publisher = {VS Verlag für Sozialwissenschaften},
  doi = {10.1007/978-3-531-92319-2_12}
}

@article{hutig2021,
  author = {Hütig, A. and Fetzer, S. and Vogt, T.},
  title = {Studium generale digital – Bürgeruni in pandemischen Zeiten},
  journal = {wissenschaftskommunikation.de: Journal},
  year = {2021},
  note = {published online 12.05.2021},
  url = {https://www.wissenschaftskommunikation.de/studium-generale-digital-buergeruni-in-pandemischen-zeiten-48057/}
}

@book{lerch2017,
  author = {Lerch, S.},
  title = {Interdisziplinäre Kompetenzen},
  year = {2017},
  publisher = {Waxmann},
  address = {Münster/New York}
}
