@inproceedings{alturkistani2018,
  author = {Alturkistani, A. and Car, J. and Majeed, A. and Brindley, D. and Wells, G. and Meinert, E.},
  title = {Determining the Effectiveness of a Massive Open Online Course in Data Science for Health},
  booktitle = {Proceedings of the International Conference on e-Learning},
  editor = {Nunes, M. B. and Isaias, P.},
  organization = {IADIS},
  year = {2018},
  pages = {27--34},
  url = {http://hdl.handle.net/10044/1/61118}
}

@misc{barba2019,
  author = {Barba, L. A. and Barker, L. J. and Blank, D. S. and Brown, J. and Downey, A. B. and George, T. and Heagy, L. J. and Mandli, K. T. and Moore, J. K. and Lippert, D. and Niemeyer, K. E. and Watkins, R. R. and West, R. H. and Wickes, E. and Willing, C. and Zingale, M.},
  title = {Teaching and Learning with Jupyter},
  year = {2019},
  howpublished = {\url{https://jupyter4edu.github.io/jupyter-edu-book/}}
}

@misc{bata2021,
  author = {Bata, K. and Schmitz, A. and Rhein, B.},
  title = {Data Literacy – Daten interpretieren durch Data Mining},
  year = {2021},
  howpublished = {\url{https://ki-campus.org/courses/dali-datamining-THK2021}}
}

@misc{bata2023,
  author = {Bata, K. and Rhein, B. and Schmitz, A.},
  title = {Begleitendes Notebook. Demonstration verschiedener Jupyter Notebook Elemente für den Einsatz im Data Literacy Kontext},
  year = {2023},
  howpublished = {\url{https://github.com/KI-Campus/DaLi-Datamining/blob/main/Demonstration%20Jupyter-Notebook%20Erweiterungen/JN_Gestaltungselemente\%26Interaktion.ipynb}}
}

@article{fleischer2022,
  author = {Fleischer, Y. and Biehler, R. and Schulte, C.},
  title = {Teaching and Learning Data-Driven Machine Learning with Educationally Designed Jupyter Notebooks},
  journal = {Statistics Education Research Journal},
  volume = {21},
  number = {2},
  year = {2022},
  pages = {Article 7},
  doi = {10.52041/serj.v21i2.61}
}

@misc{jupyter-tutorial,
  title = {Notebook erstellen},
  howpublished = {\url{https://jupyter-tutorial.readthedocs.io/de/latest/first-steps/create-notebook.html}}
}

@misc{markdownguide,
  title = {Basic Syntax},
  howpublished = {\url{https://www.markdownguide.org/basic-syntax}}
}

@article{ruiz-sarmiento2021,
  author = {Ruiz-Sarmiento, J.-R. and Baltanas, S.-F. and Gonzalez-Jimenez, J.},
  title = {Jupyter Notebooks in Undergraduate Mobile Robotics Courses: Educational Tool and Case Study},
  journal = {Appl. Sci.},
  volume = {11},
  year = {2021},
  pages = {917},
  doi = {10.3390/app11030917}
}

@misc{satopay2019,
  author = {Satopay, H.},
  title = {The Ultimate Markdown Guide (for Jupyter Notebook)},
  year = {2019},
  month = {November 18},
  howpublished = {\url{https://medium.com/analytics-vidhya/the-ultimate-markdown-guide-for-jupyter-notebook-d5e5abf728fd}}
}

@misc{websitesetup,
  title = {Beginner's HTML Cheat Sheet},
  howpublished = {\url{https://websitesetup.org/wp-content/uploads/2019/10/WSU-HTML-Cheat-Sheet.pdf}}
}