@techreport{ridsdale2015,
  author = {Ridsdale, C. and Rothwell, J. and Smit, M. and Bliemel, M. and Irvine, D. and Kelley, D. and Matwin, S. and Wuetherick, B. and Ali-Hassan, H.},
  title = {Strategies and Best Practices for Data Literacy Education: Knowledge Synthesis Report},
  institution = {Dalhousie University},
  year = {2015},
  url = {https://doi.org/10.13140/RG.2.1.1922.5044}
}