@article{ihaka1996,
  author = {Ihaka, R. and Gentleman, R.},
  title = {R: A Language for Data Analysis and Graphics},
  journal = {Journal of Computational and Graphical Statistics},
  volume = {5},
  number = {3},
  pages = {299--314},
  year = {1996},
  url = {https://doi.org/10.2307/139080}
}

@book{knuth1992,
  author = {Knuth, D. E.},
  title = {Literate Programming},
  series = {CSLI Lecture Notes},
  number = {27},
  publisher = {Center for the Study of Language and Information},
  year = {1992}
}

@article{onwuegbuzie2003,
  author = {Onwuegbuzie, A. J. and Wilson, V. A.},
  title = {Statistics Anxiety: Nature, etiology, antecedents, effects, and treatments—a comprehensive review of the literature},
  journal = {Teaching in Higher Education},
  volume = {8},
  number = {2},
  pages = {195--209},
  year = {2003},
  url = {https://doi.org/10.1080/1356251032000052447}
}

@incollection{reiser2014,
  author = {Reiser, B. J. and Tabak, I.},
  title = {Scaffolding},
  booktitle = {The Cambridge Handbook of the Learning Sciences},
  editor = {Sawyer, R. K.},
  edition = {2},
  pages = {44--62},
  publisher = {Cambridge University Press},
  year = {2014},
  url = {https://doi.org/10.1017/CBO9781139519526.005}
}

@misc{tiobe,
  author = {{TIOBE}},
  title = {{TIOBE Index}},
  note = {Retrieved June 5, 2023, from \url{https://www.tiobe.com/tiobe-index/}}
}

@article{wickham2019,
  author = {Wickham, H. and Averick, M. and Bryan, J. and Chang, W. and McGowan, L. D. A. and François, R. and Grolemund, G. and Hayes, A. and Henry, L. and Hester, J. and Kuhn, M. and Pedersen, T. L. and Miller, E. and Bache, S. M. and Müller, K. and Ooms, J. and Robinson, D. and Seidel, D. P. and Spinu, V. and... Yutani, H.},
  title = {Welcome to the Tidyverse},
  journal = {Journal of Open Source Software},
  volume = {4},
  number = {43},
  pages = {1686},
  year = {2019},
  url = {https://doi.org/10.21105/joss.01686}
}
