@techreport{bohnenkamp2020,
  author = {Bohnenkamp, Björn and Burkhardt, Marcus and Grashöfer, Katja and Hlukhovych, Adrianna and Krewani, Angela and Matzner, Tobias and Missomelius, Petra and Raczkowski, Felix and Shnayien, Mary and Weich, Andreas and Wippich, Uwe},
  title = {Online-Lehre 2020 – Eine medienwissenschaftliche Perspektive},
  type = {Diskussionspapier},
  number = {10},
  institution = {Hochschulforum Digitalisierung},
  year = {2020},
  address = {Berlin},
  doi = {https://doi.org/10.25969/mediarep/14846}
}


@book{missomelius2022,
  author = {Missomelius, Petra},
  title = {Bildung – Medien – Mensch. Mündigkeit im Digitalen},
  series = {Eckert. Die Schriftenreihe},
  number = {151},
  publisher = {V&R unipress},
  address = {Göttingen},
  year = {2022}
}
