@incollection{binkley2012,
  author = {Binkley, M. and et al.},
  title = {Defining Twenty-First Century Skills},
  booktitle = {Assessment and Teaching of 21st Century Skills},
  editor = {Griffin, P. and McGaw, B. and Care, E.},
  publisher = {Springer},
  year = {2012},
  address = {Dordrecht},
  url = {https://doi.org/10.1007/978-94-007-2324-5_2}
}

@misc{suessenbach2021,
  author = {Suessenbach, F. and et al.},
  title = {Future Skills 2021 – Diskussionspapier 3: Future Skills 2021 – 21 Kompetenzen für eine Welt im Wandel},
  year = {2021},
  howpublished = {\url{https://www.stifterverband.org/medien/future-skills-2021}},
  note = {Abgerufen am 24.03.2023}
}

@book{ehlers2021,
  author = {Ehlers, U.-D.},
  title = {Future Skills: Lernen der Zukunft – Hochschule der Zukunft},
  publisher = {Springer VS},
  year = {2021},
  address = {Wiesbaden},
  url = {https://doi.org/10.1007/978-3-658-29297-3}
}

@misc{matthes2022,
  author = {Matthes, W.},
  title = {Rolle rückwärts in die Präsenz},
  howpublished = {\url{https://hochschulforumdigitalisierung.de/de/blog/rolle-rueckwaerts-in-die-praesenz}},
  note = {Abgerufen am 25.03.2023}
}