@manual{chang2023,
  author = {Chang, W. and Cheng, J. and Allaire, J. and Sievert, C. and Schloerke, B. and Xie, Y. and Allen, J. and McPherson, J. and Dipert, A. and Borges, B.},
  title = {shiny: Web application framework for R},
  year = {2023},
  url = {https://CRAN.R-project.org/package=shiny},
}

@article{fawcett2018,
  author = {Fawcett, L.},
  title = {Using Interactive Shiny Applications to Facilitate Research-Informed Learning and Teaching},
  journal = {Journal of Statistics Education},
  volume = {26},
  number = {1},
  pages = {2--16},
  year = {2018},
  doi = {10.1080/10691898.2018.1436999},
}

@article{fries2021,
  author = {Fries, L. and Son, J. Y. and Givvin, K. B. and Stigler, J. W.},
  title = {Practicing Connections: A Framework to Guide Instructional Design for Developing Understanding in Complex Domains},
  journal = {Educational Psychology Review},
  volume = {33},
  number = {2},
  pages = {739--762},
  year = {2021},
  doi = {10.1007/s10648-020-09561-x},
}

@online{gaise2016,
  author = {{GAISE College Report ASA Revision Committee}},
  title = {Guidelines for Assessment and Instruction in Statistics Education (GAISE) College Report 2016},
  year = {2016},
  url = {https://community.amstat.org/statisticaleducationsection/home},
}

@article{gehrke2021,
  author = {Gehrke, M. and Kistler, T. and Lübke, K. and Markgraf, N. and Krol, B. and Sauer, S.},
  title = {Statistics education from a data‐centric perspective},
  journal = {Teaching Statistics},
  volume = {43},
  number = {S1},
  year = {2021},
  doi = {10.1111/test.12264},
}

@inbook{hahn2020,
  author = {Hahn, S. and Panenka, P. and Pfeifer, A. and Kerber, U. and Kunina-Habenicht, O.},
  title = {Digitale Medien in der Tutor*innenarbeit},
  editor = {Traub, S.},
  booktitle = {Tutor*innentraining: Fundiert konzipiert – erfolgreich durchgeführt},
  pages = {197--213},
  publisher = {Schneider-Verlag Hohengehren},
  year = {2020},
}

@article{stoudt2022,
  author = {Stoudt, S. and Scotina, A. D. and Luebke, K.},
  title = {Supporting Statistics and Data Science Education with learnr},
  journal = {Technology Innovations in Statistics Education},
  volume = {14},
  number = {1},
  year = {2022},
  doi = {10.5070/T514156264},
}

@article{wang2021,
  author = {Wang, S. L. and Zhang, A. Y. and Messer, S. and Wiesner, A. and Pearl, D. K.},
  title = {Student-Developed Shiny Applications for Teaching Statistics},
  journal = {Journal of Statistics and Data Science Education},
  volume = {29},
  number = {3},
  pages = {218--227},
  year = {2021},
  doi = {10.1080/26939169.2021.1995545},
}

@article{zhao2023,
  author = {Zhao, F. and Schützler, L. and Christ, O. and Gaschler, R.},
  title = {Learning statistics with interactive pictures using R Shiny: Generally preferred, but not generally advantageous},
  journal = {Teaching Statistics},
  volume = {45},
  number = {2},
  pages = {106--124},
  year = {2023},
  doi = {10.1111/test.12324},
}
