@techreport{arbeitsgruppe2018,
  author = {Arbeitsgruppe Curriculum 4.0},
  title = {Curriculumentwicklung und Kompetenzen für das digitale Zeitalter: Thesen und Empfehlungen der AG Curriculum 4.0 des Hochschulforum Digitalisierung},
  type = {Arbeitspapier},
  number = {39},
  institution = {Hochschulforum Digitalisierung},
  year = {2018},
  address = {Berlin},
  url = {https://hochschulforumdigitalisierung.de/sites/default/files/dateien/HFD_AP_Nr39_Empfehlungen_der_AG_4_0.pdf},
  note = {Zugriff am 31.03.2023}
}

@incollection{hug2018,
  author = {Hug, T.},
  title = {Mikrolernen und mobiles Lernen},
  booktitle = {Handbuch Mobile Learning},
  editor = {de Witt, C. and Gloerfeld, C.},
  publisher = {Springer VS},
  year = {2018},
  address = {Wiesbaden},
  url = {https://doi.org/10.1007/978-3-658-19123-8_17}
}

@techreport{ridsdale2015,
  author = {Ridsdale, C. and Rothwell, J. and Smit, M. and Ali-Hassan, H. and Bliemel, M. and Irvine, D. and Kelley, D. and Matwin, S. and Wuetherick, B.},
  title = {Strategies and best practices for data literacy education, knowledge synthesis report},
  institution = {Dalhousie University},
  year = {2015},
  address = {Halifax},
  url = {https://dataliteracy.ca/},
  note = {Zugriff am 31.03.2023}
}

@techreport{schuller2019,
  author = {Schüller, K. and Busch, P. and Hindinger, C.},
  title = {Future Skills: Ein Framework für Data Literacy. Kompetenzrahmen und Forschungsbericht},
  type = {Arbeitspapier},
  number = {47},
  institution = {Hochschulforum Digitalisierung},
  year = {2019},
  address = {Berlin},
  url = {https://doi.org/10.5281/zenodo.3349865}
}

@incollection{seidl2021,
  author = {Seidl, T. and Michel, A.},
  title = {Curriculumentwicklung im Zeitalter der Digitalisierung: Rahmenbedingungen, Herausforderungen, Formate und Inhalte},
  booktitle = {Digitalisierung in Studium und Lehre gemeinsam gestalten},
  editor = {Hochschulforum Digitalisierung},
  publisher = {Springer VS},
  year = {2021},
  address = {Wiesbaden},
  url = {https://doi.org/10.1007/978-3-658-32849-8_24}
}