@techreport{bayern2022,
  author = {Bayerisches Staatsministerium für Digitales},
  title = {Digitalplan Bayern, Zukunftsstrategie für unsere Heimat},
  year = {2022},
  url = {https://mitmachen.digitalplan.bayern/bayern/de/home},
  note = {Abgerufen am 25.05.2023}
}

@techreport{hrk2023,
  author = {HRK Modus},
  title = {Microcredentials an Hochschulen - strategische Entwicklung und Qualitätssicherung. Ergebnisse der Zukunftswerkstatt Microcredentials},
  year = {2023},
  url = {https://www.hrk-modus.de/media/redaktion/Downloads/Publikationen/MODUS/Ergebnisse_der_ZW_Microcredentials_WEB_01.pdf},
  note = {Abgerufen am 25.05.2023}
}

@online{kienbaum2021,
  author = {Kienbaum},
  title = {Future Skills – Future Learning},
  year = {2021},
  url = {https://www.kienbaum.com/de/publikationen/future-skills-future-learning},
  note = {Abgerufen am 30.03.2023}
}

@online{eu2022,
  author = {Rat der Europäischen Union},
  title = {Empfehlung des EU-Rates über einen europäischen Ansatz für Microcredentials für lebenslanges Lernen und Beschäftigungsfähigkeit},
  year = {2022},
  url = {https://data.consilium.europa.eu/doc/document/ST-9790-2022-INIT/de/pdf},
  note = {Abgerufen am 25.05.2023}
}

@online{stifterverband2021,
  author = {Stifterverband},
  title = {Diskussionspapier 4, TECH-SPEZIALISTEN GESUCHT},
  year = {2021},
  url = {https://www.stifterverband.org/medien/tech-spezialisten-gesucht},
  note = {Abgerufen am 30.03.2023}
}