@article{akcayir2018,
  author = {Akçayır, G. and Akçayır, M.},
  title = {The flipped classroom: A review of its advantages and challenges},
  journal = {Computers \& Education},
  volume = {126},
  pages = {334--345},
  year = {2018},
  doi = {10.1016/j.compedu.2018.07.021}
}

@book{brassler2020,
  author = {Braßler, M.},
  title = {Praxishandbuch Interdisziplinäres Lehren und Lernen. 50 Methoden für die Hochschullehre},
  edition = {1},
  year = {2020},
  publisher = {Beltz Juventa},
  address = {Weinheim Basel}
}

@techreport{ridsdale2015,
  author = {Ridsdale, C. and Rothwell, J. and Smit, M. and Bliemel, M. and Irvine, D. and Kelley, D. and Matwin, S. and Wuetherick, B. and Ali-Hassan, H.},
  title = {Strategies and Best Practices for Data Literacy Education: Knowledge Synthesis Report},
  institution = {Dalhousie University},
  year = {2015},
  doi = {10.13140/RG.2.1.1922.5044}
}

@incollection{schnapp2020,
  author = {Schnapp, Kai-Uwe},
  title = {Digitale Studien- und Prüfungsleistungen},
  booktitle = {Bausteine digitaler Hochschullehre in der Politikwissenschaft},
  editor = {Lambach, Daniel},
  year = {2020},
  pages = {43--52}
}

@techreport{schuller2020,
  author = {Schüller, Katharina},
  title = {Future Skills: a Framework for Data Literacy: Competence Framework and Research Report},
  institution = {Hochschulforum Digitalisierung},
  year = {2020},
  url = {https://hochschulforumdigitalisierung.de/sites/default/files/dateien/HFD_AP_Nr_53_Data_Literacy_Framework.pdf},
  note = {Letzter Zugriff: 16.05.2023}
}
