@article{ameis2021,
  author = {Ameis, K. and Gläser, C. and Spree, U.},
  title = {„Put your data goggles on“ – Impulse aus dem DaLiCo-Projekt},
  journal = {Bibliothek Forschung und Praxis},
  volume = {45},
  number = {3},
  pages = {527--532},
  year = {2021},
  doi = {10.1515/bfp-2021-0045}
}

@incollection{glaser2021,
  author = {Gläser, C. and Bandtel, M.},
  title = {Potenziale digitaler Lehre},
  booktitle = {Kompetenzerwerb im kritischen Umgang mit Daten - Data Literacy Education an deutschen Hochschulen},
  editor = {Ebeling, Johanna and Koch, Henning and Roth-Grigori, Alexander},
  year = {2021},
  publisher = {edition Stifterverband}
}

@inproceedings{glaser2022,
  author = {Gläser, C. and Spree, U.},
  title = {Finding Access Points for Data Literacy: The Example of the ERASMUS+ Project DaLiCo (Data Literacy in Context)},
  booktitle = {European Conference on Information Literacy},
  pages = {109--121},
  year = {2022},
  organization = {Springer},
  address = {Cham}
}

@book{anderson2001,
  author = {Anderson, L. W. and Krathwohl, D. R.},
  title = {A Taxonomy for Learning, Teaching and Assessing: A Revision of Bloom’s Taxonomy of Educational Objectives: Complete Edition},
  year = {2001},
  publisher = {Longman},
  address = {New York}
}

@techreport{ridsdale2015,
  author = {Ridsdale, C. and Rothwell, J. and Smit, M. and Bliemel, M. and Irvine, D. and Kelley, D. and Matwin, S. and Wuetherick, B. and Ali-Hassan, H.},
  title = {Strategies and Best Practices for Data Literacy Education Knowledge Synthesis Report},
  year = {2015},
  url = {https://doi.org/10.13140/RG.2.1.1922.5044}
}
