@techreport{schuller2019,
  author = {Schüller, K. and Busch, P. and Hindinger, C.},
  title = {Future Skills: Ein Framework für Data Literacy. Kompetenzrahmen und Forschungsbericht},
  year = {2019},
  institution = {Hochschulforum für Digitalisierung}
}

@incollection{sams2012,
  author = {Sams, A.},
  title = {Der „Flipped“ Classroom},
  booktitle = {Das Inverted Classroom Model. Begleitband zur ersten deutschen ICM-Konferenz},
  editor = {Handke, J. and Sperl, A.},
  year = {2012},
  publisher = {Oldenbourg Wissenschaftsverlag},
  address = {München},
  pages = {13--22}
}
