@book{boud2001,
  editor = {Boud, D. and Cohen, R. and Sampson, J.},
  title = {Peer Learning in Higher Education: Learning from and with Each Other},
  edition = {1},
  publisher = {Routledge London},
  year = {2001}
}

@techreport{schuller2019,
  author = {Schüller, K. and Busch, P. and Hindinger, C.},
  title = {Future Skills: Ein Framework für Data Literacy. Kompetenzrahmen und Forschungsbericht},
  year = {2019},
  institution = {Hochschulforum für Digitalisierung}
}

@misc{schuller2021,
  author = {Schüller, K. and Koch, H. and Rampelt, F.},
  title = {Data-Literacy-Charta (Version 1.2)},
  year = {2021},
  howpublished = {\url{https://www.stifterverband.org/charta-data-literacy}}
}

@book{stifterverband2021,
  editor = {Stifterverband},
  title = {Digitalisierung in Studium und Lehre gemeinsam gestalten: Innovative Formate, Strategien und Netzwerke},
  publisher = {Springer Wiesbaden},
  year = {2021},
  url = {https://doi.org/10.1007/978-3-658-32849-8}
}

@incollection{jackel2021,
  author = {Jäckel, M.},
  title = {Das Wissen und seine Gesellschaft},
  booktitle = {Digitalisierung in Studium und Lehre gemeinsam gestalten},
  editor = {Stifterverband},
  publisher = {Springer VS},
  year = {2021},
  pages = {43--55},
  url = {https://doi.org/10.1007/978-3-658-32849-8_4}
}

@misc{ridsdale2015,
  author = {Ridsdale, C. and Rothwell, J. and Smit, M. and Bliemel, M. and Irvine, D. and Kelley, D. and Matwin, S. and Wuetherick, B. and Ali-Hassan, H.},
  title = {Strategies and Best Practices for Data Literacy Education Knowledge Synthesis Report},
  year = {2015},
  howpublished = {\url{https://doi.org/10.13140/RG.2.1.1922.5044}}
}