@techreport{ridsdale2015,
  title={Strategies and best practices for data literacy education: Knowledge synthesis report},
  author={Ridsdale, Chantel and Rothwell, James and Smit, Michael and Ali-Hassan, Hossam and Bliemel, Michael and Irvine, Dean and Kelley, Daniel and Matwin, Stan and Wuetherick, Bradley},
  year={2015}
}

@book{schuller2021,
  author = {Schüller, Katharina and Koch, Henning and Rampelt, Florian},
  title = {Data-Literacy-Charta. Version 1.2},
  year = {2021},
  publisher = {Stifterverband},
  address = {Berlin}
}

@unpublished{weinert2023,
  author = {Weinert, Henrike and Schwarz, Tabea},
  title = {Publikation ZFHE},
  note = {eingereicht},
  year = {2023}
}

@techreport{fuchs2023,
  author = {Fuchs, Valentin and Neumann, Kim and Schmidt, Tobias},
  title = {Aufbauende Vertiefung: Impulse für Data Literacy mit ergänzenden Angeboten},
  year = {2023}
}