@techreport{hense2023,
  author = {Hense, J. and Goertz, L.},
  title = {Monitor Digitalisierung 360°. Arbeitspapier Nr. 68},
  institution = {Hochschulforum Digitalisierung},
  year = {2023},
  address = {Berlin}
}

@article{kinnari2015,
  author = {Kinnari-Korpela, H.},
  title = {Using Short Video Lectures to Enhance Mathematics Learning - Experiences on Differential and Integral Calculus Course for Engineering Students},
  journal = {Informatics in Education},
  volume = {14},
  number = {1},
  year = {2015},
  pages = {67--81}
}

@incollection{kumar2002,
  author = {Kumar, A. and Kumar, P. and Basu, S. C.},
  title = {Student perceptions of virtual education: An exploratory study},
  booktitle = {Web-based instructional learning},
  editor = {Khosrow-Pour, M.},
  publisher = {IGI Global},
  year = {2002},
  pages = {132--141}
}

@article{omiles2019,
  author = {Omiles, M. and Dumlao, J. and Rubio, Q. and Ramirez, E.},
  title = {Development of the 21st Century Skills through Educational Video Clips},
  journal = {International Journal on Studies in Education},
  volume = {1},
  number = {1},
  year = {2019},
  pages = {11--20}
}

@incollection{persike2018,
  author = {Persike, M.},
  title = {Videoformate in Blended-Learning-Szenarien},
  booktitle = {Digitale Lehrformen für ein studierendenzentriertes und kompetenzorientiertes Studium},
  editor = {Apostolopoulos, N. and Fricke, D. and Pape, A. and Rehwald, S. and Stumptner, A. and Zach, D.},
  year = {2018},
  pages = {46--50}
}

@incollection{valentin2021,
  author = {Valentin, K.},
  title = {Systematisierung von Video-Tutorials und die subjektorientierte Erforschung des Aneignungsverhaltens von Rezipierenden},
  booktitle = {Bildung, Wissen und Kompetenz(-en) in digitalen Medien: Was können, wollen und sollen wir über digital vernetzte Kommunikation wissen?},
  editor = {Seifert, M. and Jöckel, S.},
  publisher = {Digital Communication Research},
  year = {2021},
  pages = {121--135}
}